@article{li1999passive,
  title={Passive velocity field control of mechanical manipulators},
  author={Li, Perry Y and Horowitz, Roberto},
  journal={IEEE Transactions on robotics and automation},
  volume={15},
  number={4},
  pages={751--763},
  year={1999},
  publisher={IEEE}
}

@article{farinha2020unmanned,
  title={Unmanned aerial sensor placement for cluttered environments},
  author={Farinha, Andr{\'e} and Zufferey, Raphael and Zheng, Peter and Armanini, Sophie F and Kovac, Mirko},
  journal={IEEE Robotics and Automation Letters},
  volume={5},
  number={4},
  pages={6623--6630},
  year={2020},
  publisher={IEEE}
}

@article{mcinnes2003velocity,
  title={Velocity field path-planning for single and multiple unmanned aerial vehicles},
  author={McInnes, CR},
  journal={The Aeronautical Journal},
  volume={107},
  number={1073},
  pages={419--426},
  year={2003},
  publisher={Cambridge University Press}
}

@article{ruggiero2018aerial,
  title={Aerial manipulation: A literature review},
  author={Ruggiero, Fabio and Lippiello, Vincenzo and Ollero, Anibal},
  journal={IEEE Robotics and Automation Letters},
  volume={3},
  number={3},
  pages={1957--1964},
  year={2018},
  publisher={IEEE}
}

@inproceedings{rusu20113d,
  title={3d is here: Point cloud library (pcl)},
  author={Rusu, Radu Bogdan and Cousins, Steve},
  booktitle={2011 IEEE international conference on robotics and automation},
  pages={1--4},
  year={2011},
  organization={IEEE}
}

@article{li2001passive,
  title={Passive velocity field control (pvfc). part i. geometry and robustness},
  author={Li, Perry Y and Horowitz, Roberto},
  journal={IEEE Transactions on Automatic Control},
  volume={46},
  number={9},
  pages={1346--1359},
  year={2001},
  publisher={IEEE}
}

@inproceedings{asl2019assistive,
  title={An assistive control strategy for rehabilitation robots using velocity field and force field},
  author={Asl, Hamed Jabbari and Narikiyo, Tatsuo},
  booktitle={2019 IEEE 16th International Conference on Rehabilitation Robotics (ICORR)},
  pages={790--795},
  year={2019},
  organization={IEEE}
}